@preamble{ "\newcommand{\noopsort}[1]{} "
	# "\newcommand{\printfirst}[2]{#1} "
	# "\newcommand{\singleletter}[1]{#1} "
	# "\newcommand{\switchargs}[2]{#2#1} " }
	
%	main bib starts here%
@article{Skands:2012ts,
      author         = "Skands, Peter",
      title          = "{\href{https://inspirehep.net/record/1121892/files/arXiv:1207.2389.pdf}{Introduction to QCD}}",
      year           = "2013",
      url            = "https://inspirehep.net/record/1121892/files/arXiv:1207.2389.pdf",
      doi            = "10.1142/9789814525220_0008, 10.23730/CYRSP-2017-002.63",
      eprint         = "1207.2389",
      archivePrefix  = "arXiv",
      primaryClass   = "hep-ph",
      reportNumber   = "CERN-PH-TH-2012-196",
      SLACcitation   = "%%CITATION = ARXIV:1207.2389;%%"
}

@article{Schael:2013ita,
author = "{The ALEPH, DELPHI, L3, OPAL Collaborations, the LEP Electroweak Working Group}",
title = "{\href{http://lepewwg.web.cern.ch/LEPEWWG/2/}{Electroweak Measurements in Electron-Positron Collisions at W-Boson-Pair Energies at LEP}}",
journal = "Phys. Rept.",
volume = "532",
year = "2013",
pages = "119",
eprint = "1302.3415",
archivePrefix = "arXiv",
primaryClass = "hep-ex",
reportNumber = "CERN-PH-EP-2013-022",
SLACcitation = "%%CITATION = ARXIV:1302.3415;%%",
}

@article{PhysRevLett.19.1264,
  title = "{\href{https://link.aps.org/doi/10.1103/PhysRevLett.19.1264}{A Model of Leptons}}",
  author = {Weinberg, Steven},
  journal = {Phys. Rev. Lett.},
  volume = {19},
  issue = {21},
  pages = {1264--1266},
  numpages = {0},
  year = {1967},
  month = {Nov},
  publisher = {American Physical Society},
  doi = {10.1103/PhysRevLett.19.1264},
  url = {https://link.aps.org/doi/10.1103/PhysRevLett.19.1264}
}

@article{ARNISON1983103,
title = "\href{http://www.sciencedirect.com/science/article/pii/0370269383911772}{{Experimental observation of isolated large transverse energy electrons with associated missing energy at $\sqrt{s}$=540 GeV}}",
journal = "Phys. Lett. B",
volume = "122",
number = "1",
pages = "103 - 116",
year = "1983",
issn = "0370-2693",
doi = "https://doi.org/10.1016/0370-2693(83)91177-2",
url = "http://www.sciencedirect.com/science/article/pii/0370269383911772",
author = "G. Arnison et al."
}

@article{ARNISON1984241,
title = "{\href{http://www.sciencedirect.com/science/article/pii/0370269384906282}{Observation of muonic $\cPZ_{0}$-decay at the pp collider}}",
journal = "Phys. Lett. B",
volume = "147",
number = "1",
pages = "241 - 248",
year = "1984",
issn = "0370-2693",
doi = "https://doi.org/10.1016/0370-2693(84)90628-2",
url = "http://www.sciencedirect.com/science/article/pii/0370269384906282",
author = "G. Arnison et al."
}

@article{Szleper:2014xxa,
      author         = "Szleper, Micha≈Ç",
      title          = "{\href{https://arxiv.org/abs/1412.8367}{The Higgs boson and the physics of WW scattering before and after Higgs discovery}}",
      year           = "2014",
      eprint         = "1412.8367",
      archivePrefix  = "arXiv",
      primaryClass   = "hep-ph",
      SLACcitation   = "%%CITATION = ARXIV:1412.8367;%%"
}

@article{Aad:2012tfa,
      author         = "Aad, Georges and others",
      title          = "{\href{https://www.sciencedirect.com/science/article/pii/S037026931200857X}{Observation of a new particle in the search for the Standard Model Higgs boson with the ATLAS detector at the LHC}}",
      collaboration  = "ATLAS",
      journal        = "Phys. Lett. B",
      volume         = "716",
      year           = "2012",
      pages          = "1-29",
      doi            = "10.1016/j.physletb.2012.08.020",
      eprint         = "1207.7214",
      archivePrefix  = "arXiv",
      primaryClass   = "hep-ex",
      reportNumber   = "CERN-PH-EP-2012-218",
      SLACcitation   = "%%CITATION = ARXIV:1207.7214;%%"
}

@article{Chatrchyan:2012xdj,
      author         = "Chatrchyan, Serguei and others",
      title          = "{\href{https://www.sciencedirect.com/science/article/pii/S0370269312008581}{Observation of a new boson at a mass of 125 GeV with the CMS experiment at the LHC}}",
      collaboration  = "CMS",
      journal        = "Phys. Lett. B",
      volume         = "716",
      year           = "2012",
      pages          = "30-61",
      doi            = "10.1016/j.physletb.2012.08.021",
      eprint         = "1207.7235",
      archivePrefix  = "arXiv",
      primaryClass   = "hep-ex",
      reportNumber   = "CMS-HIG-12-028, CERN-PH-EP-2012-220",
      SLACcitation   = "%%CITATION = ARXIV:1207.7235;%%"
}

@article{PhysRevLett.13.321,
  title = "{\href{https://link.aps.org/doi/10.1103/PhysRevLett.13.321}{Broken Symmetry and the Mass of Gauge Vector Mesons}}",
  author = {Englert, F. and Brout, R.},
  journal = {Phys. Rev. Lett.},
  volume = {13},
  issue = {9},
  pages = {321--323},
  numpages = {0},
  year = {1964},
  month = {Aug},
  publisher = {American Physical Society},
  doi = {10.1103/PhysRevLett.13.321},
  url = {https://link.aps.org/doi/10.1103/PhysRevLett.13.321}
}

@article{PhysRevLett.13.508,
  title = "{\href{https://link.aps.org/doi/10.1103/PhysRevLett.13.508}{Broken Symmetries and the Masses of Gauge Bosons}}",
  author = {Higgs, Peter W.},
  journal = {Phys. Rev. Lett.},
  volume = {13},
  issue = {16},
  pages = {508--509},
  numpages = {0},
  year = {1964},
  month = {Oct},
  publisher = {American Physical Society},
  doi = {10.1103/PhysRevLett.13.508},
  url = {https://link.aps.org/doi/10.1103/PhysRevLett.13.508}
}

@article{PhysRevLett.13.585,
  title = "{\href{https://link.aps.org/doi/10.1103/PhysRevLett.13.585}{Global Conservation Laws and Massless Particles}}",
  author = {Guralnik, G. S. and Hagen, C. R. and Kibble, T. W. B.},
  journal = {Phys. Rev. Lett.},
  volume = {13},
  issue = {20},
  pages = {585--587},
  numpages = {0},
  year = {1964},
  month = {Nov},
  publisher = {American Physical Society},
  doi = {10.1103/PhysRevLett.13.585},
  url = {https://link.aps.org/doi/10.1103/PhysRevLett.13.585}
}

@BOOK{Thomson:2013zua,
      author         = "Thomson, Mark",
      title          = "{\href{http://www-spires.fnal.gov/spires/find/books/www?cl=QC793.2.T46::2013}{Modern particle physics}}",
      publisher      = "Cambridge University Press",
      address        = "New York",
      year           = "2013",
      url            = "http://www-spires.fnal.gov/spires/find/books/www?cl=QC793.2.T46::2013",
      ISBN           = "9781107034266",
      SLACcitation   = "%%CITATION = INSPIRE-1326857;%%"
}

@article{GellMann:1980vs,
      author         = "Gell-Mann, Murray and Ramond, Pierre and Slansky,
                        Richard",
      title          = "{\href{https://arxiv.org/abs/1306.4669}{Complex Spinors and Unified Theories}}",
      booktitle      = "{Supergravity Workshop Stony Brook, New York, September
                        27-28, 1979}",
      journal        = "Conf. Proc.",
      volume         = "C790927",
      year           = "1979",
      pages          = "315-321",
      eprint         = "1306.4669",
      archivePrefix  = "arXiv",
      primaryClass   = "hep-th",
      reportNumber   = "PRINT-80-0576",
      SLACcitation   = "%%CITATION = ARXIV:1306.4669;%%"
}

@article{PhysRevLett.44.912,
  title = "{\href{https://link.aps.org/doi/10.1103/PhysRevLett.44.912}{Neutrino Mass and Spontaneous Parity Nonconservation}}",
  author = "{Mohapatra, Rabindra N. and Senjanovi\ifmmode \acute{c}\else \'{c}\fi{}, Goran}",
  journal = {Phys. Rev. Lett.},
  volume = {44},
  issue = {14},
  pages = {912--915},
  numpages = {0},
  year = {1980},
  month = {Apr},
  publisher = {American Physical Society},
  doi = {10.1103/PhysRevLett.44.912},
  url = {https://link.aps.org/doi/10.1103/PhysRevLett.44.912}
}

@misc{LHCHXSWG,
  title = "{\href{https://twiki.cern.ch/twiki/bin/view/LHCPhysics/LHCHXSWG}{LHC Higgs Cross Section Working Group}}",
  note = {History: r294}
}

@misc{LHCTOPWG,
  title = "{\href{https://twiki.cern.ch/twiki/bin/view/LHCPhysics/LHCTopWGSummaryPlots}{LHCTopWG Summary Plots}}",
  note = {History: r52}
}

@article{Khachatryan:2016vau,
      author         = "Aad, Georges and others",
      title          = "{\href{https://link.springer.com/article/10.1007%2FJHEP08%282016%29045}{Measurements of the Higgs boson production and decay rates and constraints on its couplings from a combined ATLAS and CMS analysis of the LHC pp collision data at $\sqrt{s}=7 $ and 8\TeV}}",
      collaboration  = "ATLAS, CMS",
      journal        = "JHEP",
      volume         = "08",
      year           = "2016",
      pages          = "045",
      doi            = "10.1007/JHEP08(2016)045",
      eprint         = "1606.02266",
      archivePrefix  = "arXiv",
      primaryClass   = "hep-ex",
      reportNumber   = "CERN-EP-2016-100, ATLAS-HIGG-2015-07, CMS-HIG-15-002",
      SLACcitation   = "%%CITATION = ARXIV:1606.02266;%%"
}

@techreport{CMS-PAS-HIG-17-031,
      title         = "{\href{https://cds.cern.ch/record/2308127}{Combined measurements of the Higgs boson's couplings at
                       $\sqrt{s}=13$ TeV}}",
      institution   = "CERN",
      collaboration = "CMS Collaboration",
      address       = "Geneva",
      number        = "CMS-PAS-HIG-17-031",
      year          = "2018",
      reportNumber  = "CMS-PAS-HIG-17-031",
      url           = "https://cds.cern.ch/record/2308127",
}

@article{Aaboud:2018urx,
      author         = "Aaboud, Morad and others",
      title          = "{\href{https://www.sciencedirect.com/science/article/pii/S0370269318305732?via%3Dihub}{Observation of Higgs boson production in association with a top quark pair at the LHC with the ATLAS detector}}",
      collaboration  = "ATLAS",
      doi            = "10.1016/j.physletb.2018.07.035",
      year           = "2018",
      eprint         = "1806.00425",
      archivePrefix  = "arXiv",
      primaryClass   = "hep-ex",
      reportNumber   = "CERN-EP-2018-138, CERN-EP-2018-138",
      SLACcitation   = "%%CITATION = ARXIV:1806.00425;%%"
}

@article{Sirunyan:2018hoz,
      author         = "Sirunyan, Albert M and others",
      title          = "{\href{https://journals.aps.org/prl/abstract/10.1103/PhysRevLett.120.231801}{Observation of $\mathrm{t\overline{t}}$H production}}",
      collaboration  = "CMS",
      journal        = "Phys. Rev. Lett.",
      volume         = "120",
      year           = "2018",
      number         = "23",
      pages          = "231801",
      doi            = "10.1103/PhysRevLett.120.231801,
                        10.1130/PhysRevLett.120.231801",
      eprint         = "1804.02610",
      archivePrefix  = "arXiv",
      primaryClass   = "hep-ex",
      reportNumber   = "CMS-HIG-17-035, CERN-EP-2018-064, CMS-HIG-17-035,
                        CERN-EP-2018-064",
      SLACcitation   = "%%CITATION = ARXIV:1804.02610;%%"
}

@techreport{CMS-PAS-HIG-18-009,
      title         = "{\href{https://cds.cern.ch/record/2628662}{Search for the associated production of a Higgs boson and a single top quark in pp collisions at $\sqrt{s} =13\,\mathrm{TeV}$}}",
      institution   = "CERN",
      collaboration = "CMS Collaboration",
      address       = "Geneva",
      number        = "CMS-PAS-HIG-18-009",
      year          = "2018",
      reportNumber  = "CMS-PAS-HIG-18-009",
      url           = "https://cds.cern.ch/record/2628662",
}

@techreport{ATLAS-CONF-2018-036,
      title         = "{\href{http://cds.cern.ch/record/2630338}{Observation of $H \to b\bar{b}$ decays and $VH$ production with the ATLAS detector}}",
      institution   = "CERN",
      collaboration = "ATLAS Collaboration",
      address       = "Geneva",
      number        = "ATLAS-CONF-2018-036",
      month         = "Jul",
      year          = "2018",
      reportNumber  = "ATLAS-CONF-2018-036",
      url           = "http://cds.cern.ch/record/2630338",
}

@article{Sirunyan:2017ezt,
      author         = "Sirunyan, A. M. and others",
      title          = "{\href{http://iopscience.iop.org/article/10.1088/1748-0221/13/05/P05011/meta}{Identification of heavy-flavour jets with the CMS detector in pp collisions at 13 TeV}}",
      collaboration  = "CMS",
      journal        = "JINST",
      volume         = "13",
      year           = "2018",
      number         = "05",
      pages          = "P05011",
      doi            = "10.1088/1748-0221/13/05/P05011",
      eprint         = "1712.07158",
      archivePrefix  = "arXiv",
      primaryClass   = "physics.ins-det",
      reportNumber   = "CMS-BTV-16-002, CERN-EP-2017-326",
      SLACcitation   = "%%CITATION = ARXIV:1712.07158;%%"
}

@article{Aaltonen:2011bp,
      author         = "Aaltonen, T. and Buzatu, A. and Kilminster, B. and Nagai,
                        Y. and Yao, W.",
      title          = "{\href{https://arxiv.org/abs/1107.3026}{Improved $b$-jet energy correction for $H \to b\bar{b}$ searches at CDF}}",
      collaboration  = "CDF, D0",
      year           = "2011",
      eprint         = "1107.3026",
      archivePrefix  = "arXiv",
      primaryClass   = "hep-ex",
      reportNumber   = "FERMILAB-TM-2513-PPD",
      SLACcitation   = "%%CITATION = ARXIV:1107.3026;%%"
}

@article{Khachatryan:2015ota,
      author         = "Khachatryan, Vardan and others",
      title          = "{\href{https://link.springer.com/article/10.1007%2FJHEP06%282016%29177}{Search for the associated production of a Higgs boson with a single top quark in proton-proton collisions at $\sqrt{s}=8 $ TeV}}",
      collaboration  = "CMS",
      journal        = "JHEP",
      volume         = "06",
      year           = "2016",
      pages          = "177",
      doi            = "10.1007/JHEP06(2016)177",
      eprint         = "1509.08159",
      archivePrefix  = "arXiv",
      primaryClass   = "hep-ex",
      reportNumber   = "CMS-HIG-14-027, CERN-PH-EP-2015-255",
      SLACcitation   = "%%CITATION = ARXIV:1509.08159;%%"
}

@article{Aad:2014xzb,
      author         = "Aad, Georges and others",
      title          = "{\href{https://link.springer.com/article/10.1007%2FJHEP01%282015%29069}{Search for the $b\bar{b}$ decay of the Standard Model Higgs boson in associated $(W/Z)H$ production with the
                        ATLAS detector}}",
      collaboration  = "ATLAS",
      journal        = "JHEP",
      volume         = "01",
      year           = "2015",
      pages          = "069",
      doi            = "10.1007/JHEP01(2015)069",
      eprint         = "1409.6212",
      archivePrefix  = "arXiv",
      primaryClass   = "hep-ex",
      reportNumber   = "CERN-PH-EP-2014-214",
      SLACcitation   = "%%CITATION = ARXIV:1409.6212;%%"
}

@article{Sirunyan:2017elk,
      author         = "Sirunyan, Albert M and others",
      title          = "{\href{https://www.sciencedirect.com/science/article/pii/S0370269318301618?via%3Dihub}{Evidence for the Higgs boson decay to a bottom quark‚Äìantiquark pair}}",
      collaboration  = "CMS",
      journal        = "Phys. Lett. B",
      volume         = "780",
      year           = "2018",
      pages          = "501-532",
      doi            = "10.1016/j.physletb.2018.02.050",
      eprint         = "1709.07497",
      archivePrefix  = "arXiv",
      primaryClass   = "hep-ex",
      reportNumber   = "CMS-HIG-16-044, CERN-EP-2017-233",
      SLACcitation   = "%%CITATION = ARXIV:1709.07497;%%"
}

@article{Bodwin:2013gca,
      author         = "Bodwin, Geoffrey T. and Petriello, Frank and Stoynev,
                        Stoyan and Velasco, Mayda",
      title          = "{\href{https://journals.aps.org/prd/abstract/10.1103/PhysRevD.88.053003}{Higgs boson decays to quarkonia and the $H\bar{c}c$ coupling}}",
      journal        = "Phys. Rev. D",
      volume         = "88",
      year           = "2013",
      pages          = "053003",
      doi            = "10.1103/PhysRevD.88.053003",
      eprint         = "1306.5770",
      archivePrefix  = "arXiv",
      primaryClass   = "hep-ph",
      SLACcitation   = "%%CITATION = ARXIV:1306.5770;%%"                                                               
}

@article{Delaunay:2013pja,
      author         = "Delaunay, C\'edric and Golling, Tobias and Perez, Gilad
                        and Soreq, Yotam",
      title          = "{\href{https://journals.aps.org/prd/abstract/10.1103/PhysRevD.89.033014}{Enhanced Higgs boson coupling to charm pairs}}",
      journal        = "Phys. Rev. D",
      volume         = "89",
      year           = "2014",
      number         = "3",
      pages          = "033014",
      doi            = "10.1103/PhysRevD.89.033014",
      eprint         = "1310.7029",
      archivePrefix  = "arXiv",
      primaryClass   = "hep-ph",
      reportNumber   = "CERN-PH-TH-2013-252, LAPTH-062-13",
      SLACcitation   = "%%CITATION = ARXIV:1310.7029;%%"
}

@article{Buchmuller:1985jz,
      author         = "Buchmuller, W. and Wyler, D.",
      title          = "{\href{https://www.sciencedirect.com/science/article/pii/0550321386902622?via%3Dihub}{Effective Lagrangian analysis of new interactions and flavor conservation}}",
      journal        = "Nucl. Phys. B",
      volume         = "268",
      year           = "1986",
      pages          = "621",
      doi            = "10.1016/0550-3213(86)90262-2",
      reportNumber   = "CERN-TH-4254/85",
      SLACcitation   = "%%CITATION = NUPHA,B268,621;%%"
}

@article{Weinberg:1980wa,
      author         = "Weinberg, Steven",
      title          = "{\href{https://www.sciencedirect.com/science/article/pii/0370269380906607}{Effective gauge theories}}",
      journal        = "Phys. Lett. B",
      volume         = "91",
      year           = "1980",
      pages          = "51",
      doi            = "10.1016/0370-2693(80)90660-7",
      reportNumber   = "HUTP-80/A001",
      SLACcitation   = "%%CITATION = PHLTA,91B,51;%%"
}

@article{Contino:2013kra,
      author         = "Contino, Roberto and Ghezzi, Margherita and Grojean,
                        Christophe and Muhlleitner, Margarete and Spira, Michael",
      title          = "{\href{https://link.springer.com/article/10.1007%2FJHEP07%282013%29035}{Effective Lagrangian for a light Higgs-like scalar}}",
      journal        = "JHEP",
      volume         = "07",
      year           = "2013",
      pages          = "035",
      doi            = "10.1007/JHEP07(2013)035",
      eprint         = "1303.3876",
      archivePrefix  = "arXiv",
      primaryClass   = "hep-ph",
      reportNumber   = "CERN-PH-TH-2013-047, KA-TP-06-2013, PSI-PR-13-04",
      SLACcitation   = "%%CITATION = ARXIV:1303.3876;%%"
}

@article{Trott:2010iz,
      author         = "Trott, Michael and Wise, Mark B.",
      title          = "{\href{https://link.springer.com/article/10.1007%2FJHEP11%282010%29157}{On theories of enhanced {CP} violation in $B_{s,d}$ meson mixing}}",
      journal        = "JHEP",
      volume         = "11",
      year           = "2010",
      pages          = "157",
      doi            = "10.1007/JHEP11(2010)157",
      eprint         = "1009.2813",
      archivePrefix  = "arXiv",
      primaryClass   = "hep-ph",
      SLACcitation   = "%%CITATION = ARXIV:1009.2813;%%"
}

@article{Jung:2010ik,
      author         = "Jung, Martin and Pich, Antonio and Tuzon, Paula",
      title          = "{\href{https://link.springer.com/article/10.1007%2FJHEP11%282010%29003}{Charged-Higgs phenomenology in the Aligned two-Higgs-doublet model}}",
      journal        = "JHEP",
      volume         = "11",
      year           = "2010",
      pages          = "003",
      doi            = "10.1007/JHEP11(2010)003",
      eprint         = "1006.0470",
      archivePrefix  = "arXiv",
      primaryClass   = "hep-ph",
      SLACcitation   = "%%CITATION = ARXIV:1006.0470;%%"
}

@article{Giudice:2007fh,
      author         = "Giudice, G. F. and Grojean, C. and Pomarol, A. and
                        Rattazzi, R.",
      title          = "{\href{http://iopscience.iop.org/article/10.1088/1126-6708/2007/06/045/meta}{The strongly-interacting light Higgs}}",
      journal        = "JHEP",
      volume         = "06",
      year           = "2007",
      pages          = "045",
      doi            = "10.1088/1126-6708/2007/06/045",
      eprint         = "hep-ph/0703164",
      archivePrefix  = "arXiv",
      primaryClass   = "hep-ph",
      reportNumber   = "CERN-PH-TH-2007-47",
      SLACcitation   = "%%CITATION = HEP-PH/0703164;%%"
}

@article{Delaunay:2013pwa,
      author         = "Delaunay, C\'edric and Flacke, Thomas and Gonzalez-Fraile,
                        J. and Lee, Seung J. and Panico, Giuliano and Perez,
                        Gilad",
      title          = "{\href{https://link.springer.com/article/10.1007%2FJHEP02%282014%29055}{Light non-degenerate composite partners at the LHC}}",
      journal        = "JHEP",
      volume         = "02",
      year           = "2014",
      pages          = "055",
      doi            = "10.1007/JHEP02(2014)055",
      eprint         = "1311.2072",
      archivePrefix  = "arXiv",
      primaryClass   = "hep-ph",
      reportNumber   = "CERN-PH-TH-2013-259, LAPTH-064-13",
      SLACcitation   = "%%CITATION = ARXIV:1311.2072;%%"
}

@article{Aad:2016nal,
      author         = "Aad, Georges and others",
      title          = "{\href{https://link.springer.com/article/10.1140%2Fepjc%2Fs10052-016-4499-5}{Test of CP Invariance in vector-boson fusion production of the Higgs boson using the Optimal Observable method in the ditau decay channel with the ATLAS detector}}",
      collaboration  = "ATLAS",
      journal        = "Eur. Phys. J.",
      volume         = "C76",
      year           = "2016",
      number         = "12",
      pages          = "658",
      doi            = "10.1140/epjc/s10052-016-4499-5",
      eprint         = "1602.04516",
      archivePrefix  = "arXiv",
      primaryClass   = "hep-ex",
      reportNumber   = "CERN-EP-2016-002",
      SLACcitation   = "%%CITATION = ARXIV:1602.04516;%%"
}

@article{Berge:2015nua,
      author         = "Berge, Stefan and Bernreuther, Werner and Kirchner,
                        Sebastian",
      title          = "{\href{https://journals.aps.org/prd/abstract/10.1103/PhysRevD.92.096012}{Prospects of constraining the Higgs boson‚Äôs CP nature in the tau decay channel at the LHC}}",
      journal        = "Phys. Rev. D",
      volume         = "92",
      year           = "2015",
      pages          = "096012",
      doi            = "10.1103/PhysRevD.92.096012",
      eprint         = "1510.03850",
      archivePrefix  = "arXiv",
      primaryClass   = "hep-ph",
      reportNumber   = "TTK-15-32",
      SLACcitation   = "%%CITATION = ARXIV:1510.03850;%%"
}

@techreport{ATLAS-CONF-2018-021,
      title         = "{\href{http://cds.cern.ch/record/2621794}{Cross-section measurements of the Higgs boson decaying to
                       a pair of tau leptons in proton--proton collisions at
                       $\sqrt{s}=13$ TeV with the ATLAS detector}}",
      institution   = "CERN",
      collaboration = "ATLAS Collaboration",
      address       = "Geneva",
      number        = "ATLAS-CONF-2018-021",
      month         = "Jun",
      year          = "2018",
      reportNumber  = "ATLAS-CONF-2018-021",
      url           = "http://cds.cern.ch/record/2621794",
}

@article{Sirunyan:2017khh,
      author         = "Sirunyan, Albert M and others",
      title          = "{\href{https://www.sciencedirect.com/science/article/pii/S0370269318301035?via%3Dihub}{Observation of the Higgs boson decay to a pair of $\tau$ leptons with the CMS detector}}",
      collaboration  = "CMS",
      journal        = "Phys. Lett. B",
      volume         = "779",
      year           = "2018",
      pages          = "283-316",
      doi            = "10.1016/j.physletb.2018.02.004",
      eprint         = "1708.00373",
      archivePrefix  = "arXiv",
      primaryClass   = "hep-ex",
      reportNumber   = "CMS-HIG-16-043, CERN-EP-2017-181",
      SLACcitation   = "%%CITATION = ARXIV:1708.00373;%%"
}

@techreport{ATLAS-CONF-2018-004,
      title         = "{\href{http://cds.cern.ch/record/2308392}{Measurement of gluon fusion and vector boson fusion Higgs
                       boson production cross-sections in the $H \to WW^{*} \to
                       e\nu\mu\nu$ decay channel in pp collisions at $\sqrt{s} =
                       13$ TeV with the ATLAS detector}}",
      institution   = "CERN",
      collaboration = "ATLAS Collaboration",
      address       = "Geneva",
      number        = "ATLAS-CONF-2018-004",
      month         = "Mar",
      year          = "2018",
      reportNumber  = "ATLAS-CONF-2018-004",
      url           = "http://cds.cern.ch/record/2308392",
}

@article{Sirunyan:2018egh,
      author         = "Sirunyan, Albert M and others",
      title          = "{Measurements of properties of the Higgs boson decaying
                        to a W boson pair in pp collisions at $\sqrt{s}=$ 13 TeV}",
      collaboration  = "CMS",
      journal        = "Submitted to: Phys. Lett. B",
      year           = "2018",
      eprint         = "1806.05246",
      archivePrefix  = "arXiv",
      primaryClass   = "hep-ex",
      reportNumber   = "CMS-HIG-16-042, CERN-EP-2018-141,
                        FERMILAB-PUB-18-352-CMS",
      SLACcitation   = "%%CITATION = ARXIV:1806.05246;%%"
}

@article{Chatrchyan:2013mxa,
      author         = "Chatrchyan, Serguei and others",
      title          = "{\href{https://journals.aps.org/prd/abstract/10.1103/PhysRevD.89.092007}{Measurement of the properties of a Higgs boson in the four-lepton final state}}",
      collaboration  = "CMS",
      journal        = "Phys. Rev. D",
      volume         = "89",
      year           = "2014",
      number         = "9",
      pages          = "092007",
      doi            = "10.1103/PhysRevD.89.092007",
      eprint         = "1312.5353",
      archivePrefix  = "arXiv",
      primaryClass   = "hep-ex",
      reportNumber   = "CMS-HIG-13-002, CERN-PH-EP-2013-220",
      SLACcitation   = "%%CITATION = ARXIV:1312.5353;%%"
}

@article{Chatrchyan:2012jja,
      author         = "Chatrchyan, Serguei and others",
      title          = "{\href{https://journals.aps.org/prl/abstract/10.1103/PhysRevLett.110.081803}{Study of the mass and spin-parity of the Higgs boson candidate via its decays to Z Boson pairs}}",
      collaboration  = "CMS",
      journal        = "Phys. Rev. Lett.",
      volume         = "110",
      year           = "2013",
      number         = "8",
      pages          = "081803",
      doi            = "10.1103/PhysRevLett.110.081803",
      eprint         = "1212.6639",
      archivePrefix  = "arXiv",
      primaryClass   = "hep-ex",
      reportNumber   = "CMS-HIG-12-041, CERN-PH-EP-2012-372",
      SLACcitation   = "%%CITATION = ARXIV:1212.6639;%%"
}

@article{Khachatryan:2014kca,
      author         = "Khachatryan, Vardan and others",
      title          = "{\href{https://journals.aps.org/prd/abstract/10.1103/PhysRevD.92.012004}{Constraints on the spin-parity and anomalous HVV couplings of the Higgs boson in proton collisions at 7 and
                        8 TeV}}",
      collaboration  = "CMS",
      journal        = "Phys. Rev. D",
      volume         = "92",
      year           = "2015",
      number         = "1",
      pages          = "012004",
      doi            = "10.1103/PhysRevD.92.012004",
      eprint         = "1411.3441",
      archivePrefix  = "arXiv",
      primaryClass   = "hep-ex",
      reportNumber   = "CMS-HIG-14-018, CERN-PH-EP-2014-265",
      SLACcitation   = "%%CITATION = ARXIV:1411.3441;%%"
}

@article{Aad:2014eva,
      author         = "Aad, Georges and others",
      title          = "{\href{https://journals.aps.org/prd/abstract/10.1103/PhysRevD.91.012006}{Measurements of Higgs boson production and couplings in the four-lepton channel in pp collisions at center-of-mass
                        energies of 7 and 8 TeV with the ATLAS detector}}",
      collaboration  = "ATLAS",
      journal        = "Phys. Rev. D",
      volume         = "91",
      year           = "2015",
      number         = "1",
      pages          = "012006",
      doi            = "10.1103/PhysRevD.91.012006",
      eprint         = "1408.5191",
      archivePrefix  = "arXiv",
      primaryClass   = "hep-ex",
      reportNumber   = "CERN-PH-EP-2014-170",
      SLACcitation   = "%%CITATION = ARXIV:1408.5191;%%"
}

@article{Aad:2015mxa,
      author         = "Aad, Georges and others",
      title          = "{\href{https://link.springer.com/article/10.1140%2Fepjc%2Fs10052-015-3685-1}{Study of the spin and parity of the Higgs boson in diboson decays with the ATLAS detector}}",
      collaboration  = "ATLAS",
      journal        = "Eur. Phys. J.",
      volume         = "C75",
      year           = "2015",
      number         = "10",
      pages          = "476",
      doi            = "10.1140/epjc/s10052-015-3685-1,
                        10.1140/epjc/s10052-016-3934-y",
      note           = "[Erratum: Eur. Phys. J.C76,no.3,152(2016)]",
      eprint         = "1506.05669",
      archivePrefix  = "arXiv",
      primaryClass   = "hep-ex",
      reportNumber   = "CERN-PH-EP-2015-114",
      SLACcitation   = "%%CITATION = ARXIV:1506.05669;%%"
}

@article{Khachatryan:2014iha,
      author         = "Khachatryan, Vardan and others",
      title          = "{\href{https://www.sciencedirect.com/science/article/pii/S0370269314004821?via%3Dihub}{Constraints on the Higgs boson width from off-shell production and decay to Z-boson pairs}}",
      collaboration  = "CMS",
      journal        = "Phys. Lett. B",
      volume         = "B736",
      year           = "2014",
      pages          = "64-85",
      doi            = "10.1016/j.physletb.2014.06.077",
      eprint         = "1405.3455",
      archivePrefix  = "arXiv",
      primaryClass   = "hep-ex",
      reportNumber   = "CMS-HIG-14-002, CERN-PH-EP-2014-078",
      SLACcitation   = "%%CITATION = ARXIV:1405.3455;%%"
}

@article{Khachatryan:2015mma,
      author         = "Khachatryan, Vardan and others",
      title          = "{\href{https://journals.aps.org/prd/abstract/10.1103/PhysRevD.92.072010}{Limits on the Higgs boson lifetime and width from its decay to four charged leptons}}",
      collaboration  = "CMS",
      journal        = "Phys. Rev. D",
      volume         = "92",
      year           = "2015",
      number         = "7",
      pages          = "072010",
      doi            = "10.1103/PhysRevD.92.072010",
      eprint         = "1507.06656",
      archivePrefix  = "arXiv",
      primaryClass   = "hep-ex",
      reportNumber   = "CMS-HIG-14-036, CERN-PH-EP-2015-159",
      SLACcitation   = "%%CITATION = ARXIV:1507.06656;%%"
}

@article{Aad:2015xua,
      author         = "Aad, Georges and others",
      title          = "{\href{https://link.springer.com/article/10.1140%2Fepjc%2Fs10052-015-3542-2}{Constraints on the off-shell Higgs boson signal strength in the high-mass $ZZ$ and $WW$ final states with the ATLAS
                        detector}}",
      collaboration  = "ATLAS",
      journal        = "Eur. Phys. J.",
      volume         = "C75",
      year           = "2015",
      number         = "7",
      pages          = "335",
      doi            = "10.1140/epjc/s10052-015-3542-2",
      eprint         = "1503.01060",
      archivePrefix  = "arXiv",
      primaryClass   = "hep-ex",
      reportNumber   = "CERN-PH-EP-2015-026",
      SLACcitation   = "%%CITATION = ARXIV:1503.01060;%%"
}

@techreport{CMS-PAS-HIG-18-001,
      title         = "{\href{https://cds.cern.ch/record/2621419}{Measurements of properties of the Higgs boson in the
                       four-lepton final state at $\sqrt{s}=13~\mathrm{TeV}$}}",
      institution   = "CERN",
      collaboration = "CMS Collaboration",
      address       = "Geneva",
      number        = "CMS-PAS-HIG-18-001",
      year          = "2018",
      reportNumber  = "CMS-PAS-HIG-18-001",
      url           = "https://cds.cern.ch/record/2621419",
}

@techreport{ATLAS-CONF-2018-018,
      title         = "{\href{http://cds.cern.ch/record/2621479}{Measurements of the Higgs boson production, fiducial and
                       differential cross sections in the $4\ell$ decay channel at
                       $\sqrt{s}=13~{\TeV}$ with the ATLAS detector}}",
      institution   = "CERN",
      collaboration = "ATLAS Collaboration",
      address       = "Geneva",
      number        = "ATLAS-CONF-2018-018",
      month         = "Jun",
      year          = "2018",
      reportNumber  = "ATLAS-CONF-2018-018",
      url           = "http://cds.cern.ch/record/2621479",
}

@article{Sirunyan:2017exp,
      author         = "Sirunyan, Albert M and others",
      title          = "{\href{https://link.springer.com/article/10.1007%2FJHEP11%282017%29047}{Measurements of properties of the Higgs boson decaying into the four-lepton final state in pp collisions at $
                        \sqrt{s}=13 $ TeV}}",
      collaboration  = "CMS",
      journal        = "JHEP",
      volume         = "11",
      year           = "2017",
      pages          = "047",
      doi            = "10.1007/JHEP11(2017)047",
      eprint         = "1706.09936",
      archivePrefix  = "arXiv",
      primaryClass   = "hep-ex",
      reportNumber   = "CMS-HIG-16-041, CERN-EP-2017-123",
      SLACcitation   = "%%CITATION = ARXIV:1706.09936;%%"
}

@article{Khachatryan:2014ira,
      author         = "Khachatryan, Vardan and others",
      title          = "{\href{https://link.springer.com/article/10.1140%2Fepjc%2Fs10052-014-3076-z}{Observation of the diphoton decay of the Higgs boson and measurement of its properties}}",
      collaboration  = "CMS",
      journal        = "Eur. Phys. J.",
      volume         = "C74",
      year           = "2014",
      number         = "10",
      pages          = "3076",
      doi            = "10.1140/epjc/s10052-014-3076-z",
      eprint         = "1407.0558",
      archivePrefix  = "arXiv",
      primaryClass   = "hep-ex",
      reportNumber   = "CMS-HIG-13-001, CERN-PH-EP-2014-117",
      SLACcitation   = "%%CITATION = ARXIV:1407.0558;%%"
}

@article{Aad:2014eha,
      author         = "Aad, Georges and others",
      title          = "{\href{https://journals.aps.org/prd/abstract/10.1103/PhysRevD.90.112015}{Measurement of Higgs boson production in the diphoton decay channel in pp collisions at center-of-mass energies
                        of 7 and 8 TeV with the ATLAS detector}}",
      collaboration  = "ATLAS",
      journal        = "Phys. Rev. D",
      volume         = "90",
      year           = "2014",
      number         = "11",
      pages          = "112015",
      doi            = "10.1103/PhysRevD.90.112015",
      eprint         = "1408.7084",
      archivePrefix  = "arXiv",
      primaryClass   = "hep-ex",
      reportNumber   = "CERN-PH-EP-2014-198",
      SLACcitation   = "%%CITATION = ARXIV:1408.7084;%%"
}

@article{Sirunyan:2018ouh,
      author         = "Sirunyan, Albert M and others",
      title          = "{\href{http://cms-results.web.cern.ch/cms-results/public-results/publications/HIG-16-040/}{Measurements of Higgs boson properties in the diphoton decay channel in proton-proton collisions at $\sqrt{s} =$
                        13 TeV}}",
      collaboration  = "CMS",
      year           = "2018",
      eprint         = "1804.02716",
      archivePrefix  = "arXiv",
      primaryClass   = "hep-ex",
      reportNumber   = "CMS-HIG-16-040, CERN-EP-2018-060, CMS-HIG-16-040,
                        CERN-EP-2018-060",
      SLACcitation   = "%%CITATION = ARXIV:1804.02716;%%"
}

@article{Sirunyan:2018kta,
      author         = "Sirunyan, Albert M and others",
      title          = "{\href{http://cms-results.web.cern.ch/cms-results/public-results/publications/HIG-17-025/}{Measurement of inclusive and differential Higgs boson production cross sections in the diphoton decay channel in
                        proton-proton collisions at $\sqrt{s}=$ 13 TeV}}",
      collaboration  = "CMS",
      year           = "2018",
      eprint         = "1807.03825",
      archivePrefix  = "arXiv",
      primaryClass   = "hep-ex",
      reportNumber   = "CMS-HIG-17-025, CERN-EP-2018-166, CMS-HIG-17-025,
                        CERN-EP-2018-166",
      SLACcitation   = "%%CITATION = ARXIV:1807.03825;%%"
}

@article{Aaboud:2018xdt,
      author         = "Aaboud, Morad and others",
      title          = "{\href{https://atlas.web.cern.ch/Atlas/GROUPS/PHYSICS/PAPERS/HIGG-2016-21/}{Measurements of Higgs boson properties in the diphoton decay channel with 36 fb$^{-1}$ of $pp$ collision data at
                        $\sqrt{s} = 13$ TeV with the ATLAS detector}}",
      collaboration  = "ATLAS",
      year           = "2018",
      eprint         = "1802.04146",
      archivePrefix  = "arXiv",
      primaryClass   = "hep-ex",
      reportNumber   = "CERN-EP-2017-288",
      SLACcitation   = "%%CITATION = ARXIV:1802.04146;%%"
}

@article{Sirunyan:2018tbk,
      author         = "Sirunyan, Albert M and others",
      title          = "{\href{http://cms-results.web.cern.ch/cms-results/public-results/publications/HIG-17-007/}{Search for the decay of a Higgs boson in the
                        $\ell\ell\gamma$ channel in proton-proton collisions at
                        $\sqrt{s}=$ 13 TeV}}",
      collaboration  = "CMS",
      journal        = "Submitted to: JHEP",
      year           = "2018",
      eprint         = "1806.05996",
      archivePrefix  = "arXiv",
      primaryClass   = "hep-ex",
      reportNumber   = "CMS-HIG-17-007, CERN-EP-2018-092",
      SLACcitation   = "%%CITATION = ARXIV:1806.05996;%%"
}

@article{Aaboud:2017uhw,
      author         = "Aaboud, M. and others",
      title          = "{\href{https://atlas.web.cern.ch/Atlas/GROUPS/PHYSICS/PAPERS/HIGG-2016-14/}{Searches for the $Z\gamma$ decay mode of the Higgs boson
                        and for new high-mass resonances in $pp$ collisions at
                        $\sqrt{s} = 13$ TeV with the ATLAS detector}}",
      collaboration  = "ATLAS",
      journal        = "JHEP",
      volume         = "10",
      year           = "2017",
      pages          = "112",
      doi            = "10.1007/JHEP10(2017)112",
      eprint         = "1708.00212",
      archivePrefix  = "arXiv",
      primaryClass   = "hep-ex",
      reportNumber   = "CERN-EP-2017-095",
      SLACcitation   = "%%CITATION = ARXIV:1708.00212;%%"
}

@article{deFlorian:2016spz,
      author         = "de Florian, D. and others",
      title          = "{\href{https://arxiv.org/abs/1610.07922}{Handbook of LHC Higgs Cross Sections: 4. Deciphering the
                        Nature of the Higgs Sector}}",
      collaboration  = "LHC Higgs Cross Section Working Group",
      doi            = "10.23731/CYRM-2017-002",
      year           = "2016",
      eprint         = "1610.07922",
      archivePrefix  = "arXiv",
      primaryClass   = "hep-ph",
      reportNumber   = "FERMILAB-FN-1025-T, CERN-2017-002-M",
      SLACcitation   = "%%CITATION = ARXIV:1610.07922;%%"
}

@article{Sirunyan:2018hbu,
      author         = "Sirunyan, Albert M and others",
      title          = "{\href{http://cms-results.web.cern.ch/cms-results/public-results/publications/HIG-17-019/}{Search for the Higgs boson decaying to two muons in proton-proton collisions at $\sqrt{s}=$ 13 TeV}}",
      collaboration  = "CMS",
      year           = "2018",
      eprint         = "1807.06325",
      archivePrefix  = "arXiv",
      primaryClass   = "hep-ex",
      reportNumber   = "CMS-HIG-17-019, CERN-EP-2018-165",
      SLACcitation   = "%%CITATION = ARXIV:1807.06325;%%"
}

@techreport{ATLAS-CONF-2018-026,
      title         = "{\href{http://cdsweb.cern.ch/record/2628763}{A search for the rare decay of the Standard Model Higgs
                       boson to dimuons in $pp$ collisions at $\sqrt{s} = 13$ TeV
                       with the ATLAS Detector}}",
      institution   = "CERN",
      collaboration = "ATLAS Collaboration",
      address       = "Geneva",
      number        = "ATLAS-CONF-2018-026",
      month         = "Jul",
      year          = "2018",
      reportNumber  = "ATLAS-CONF-2018-026",
      url           = "http://cds.cern.ch/record/2628763",
}

@article{Perez:2015aoa,
      author         = "Perez, Gilad and Soreq, Yotam and Stamou, Emmanuel and
                        Tobioka, Kohsaku",
      title          = "{\href{https://journals.aps.org/prd/abstract/10.1103/PhysRevD.92.033016}{Constraining the charm Yukawa and Higgs-quark coupling universality}}",
      journal        = "Phys. Rev. D",
      volume         = "92",
      year           = "2015",
      number         = "3",
      pages          = "033016",
      doi            = "10.1103/PhysRevD.92.033016",
      eprint         = "1503.00290",
      archivePrefix  = "arXiv",
      primaryClass   = "hep-ph",
      reportNumber   = "KEK-TH-1813",
      SLACcitation   = "%%CITATION = ARXIV:1503.00290;%%"
}

@article{Perez:2015lra,
      author         = "Perez, Gilad and Soreq, Yotam and Stamou, Emmanuel and
                        Tobioka, Kohsaku",
      title          = "{\href{https://journals.aps.org/prd/abstract/10.1103/PhysRevD.93.013001}{Prospects for measuring the Higgs boson coupling to light quarks}}",
      journal        = "Phys. Rev. D",
      volume         = "93",
      year           = "2016",
      number         = "1",
      pages          = "013001",
      doi            = "10.1103/PhysRevD.93.013001",
      eprint         = "1505.06689",
      archivePrefix  = "arXiv",
      primaryClass   = "hep-ph",
      SLACcitation   = "%%CITATION = ARXIV:1505.06689;%%"
}

@article{Aaboud:2018fhh,
      author         = "Aaboud, M. and others",
      title          = "{\href{https://journals.aps.org/prl/abstract/10.1103/PhysRevLett.120.211802}{Search for the Decay of the Higgs Boson to Charm Quarks with the ATLAS Experiment}}",
      collaboration  = "ATLAS",
      journal        = "Phys. Rev. Lett.",
      volume         = "120",
      year           = "2018",
      number         = "21",
      pages          = "211802",
      doi            = "10.1103/PhysRevLett.120.211802",
      eprint         = "1802.04329",
      archivePrefix  = "arXiv",
      primaryClass   = "hep-ex",
      reportNumber   = "CERN-EP-2017-334",
      SLACcitation   = "%%CITATION = ARXIV:1802.04329;%%"
}

@article{Aad:2015zhl,
      author         = "Aad, Georges and others",
      title          = "{\href{https://journals.aps.org/prl/abstract/10.1103/PhysRevLett.114.191803}{Combined measurement of the Higgs boson mass in $pp$ collisions at $\sqrt{s}=7$ and 8 TeV with the ATLAS and CMS experiments}}",
      collaboration  = "ATLAS, CMS",
      journal        = "Phys. Rev. Lett.",
      volume         = "114",
      year           = "2015",
      pages          = "191803",
      doi            = "10.1103/PhysRevLett.114.191803",
      eprint         = "1503.07589",
      archivePrefix  = "arXiv",
      primaryClass   = "hep-ex",
      reportNumber   = "ATLAS-HIGG-2014-14, CMS-HIG-14-042, CERN-PH-EP-2015-075",
      SLACcitation   = "%%CITATION = ARXIV:1503.07589;%%"
}

@article{Chatrchyan:2013lba,
      author         = "Chatrchyan, Serguei and others",
      title          = "{\href{https://link.springer.com/article/10.1007%2FJHEP06%282013%29081}{Observation of a new boson with mass near 125 GeV in pp collisions at $\sqrt{s}$ = 7 and 8 TeV}}",
      collaboration  = "CMS",
      journal        = "JHEP",
      volume         = "06",
      year           = "2013",
      pages          = "081",
      doi            = "10.1007/JHEP06(2013)081",
      eprint         = "1303.4571",
      archivePrefix  = "arXiv",
      primaryClass   = "hep-ex",
      reportNumber   = "CMS-HIG-12-036, CERN-PH-EP-2013-035",
      SLACcitation   = "%%CITATION = ARXIV:1303.4571;%%"
}

@article{Aad:2015gba,
      author         = "Aad, Georges and others",
      title          = "{\href{https://link.springer.com/article/10.1140%2Fepjc%2Fs10052-015-3769-y}{Measurements of the Higgs boson production and decay rates and coupling strengths using pp collision data at
                        $\sqrt{s}=7$ and 8 TeV in the ATLAS experiment}}",
      collaboration  = "ATLAS",
      journal        = "Eur. Phys. J.",
      volume         = "C76",
      year           = "2016",
      number         = "1",
      pages          = "6",
      doi            = "10.1140/epjc/s10052-015-3769-y",
      eprint         = "1507.04548",
      archivePrefix  = "arXiv",
      primaryClass   = "hep-ex",
      reportNumber   = "CERN-PH-EP-2015-125",
      SLACcitation   = "%%CITATION = ARXIV:1507.04548;%%"
}

@article{Khachatryan:2014jba,
      author         = "Khachatryan, Vardan and others",
      title          = "{\href{https://link.springer.com/article/10.1140%2Fepjc%2Fs10052-015-3351-7}{Precise determination of the mass of the Higgs boson and tests of compatibility of its couplings with the standard
                        model predictions using proton collisions at 7 and 8
                        $\,\text {TeV}$}}",
      collaboration  = "CMS",
      journal        = "Eur. Phys. J.",
      volume         = "C75",
      year           = "2015",
      number         = "5",
      pages          = "212",
      doi            = "10.1140/epjc/s10052-015-3351-7",
      eprint         = "1412.8662",
      archivePrefix  = "arXiv",
      primaryClass   = "hep-ex",
      reportNumber   = "CMS-HIG-14-009, CERN-PH-EP-2014-288",
      SLACcitation   = "%%CITATION = ARXIV:1412.8662;%%"
}

@article{Aad:2013xqa,
      author         = "Aad, Georges and others",
      title          = "{\href{https://www.sciencedirect.com/science/article/pii/S0370269313006527?via%3Dihub}{Evidence for the spin-0 nature of the Higgs boson using ATLAS data}}",
      collaboration  = "ATLAS",
      journal        = "Phys. Lett. B",
      volume         = "726",
      year           = "2013",
      pages          = "120-144",
      doi            = "10.1016/j.physletb.2013.08.026",
      eprint         = "1307.1432",
      archivePrefix  = "arXiv",
      primaryClass   = "hep-ex",
      reportNumber   = "CERN-PH-EP-2013-102",
      SLACcitation   = "%%CITATION = ARXIV:1307.1432;%%"
}

@article{Heinemeyer:2013tqa,
      author         = "Andersen, J R and others",
      editor         = "Heinemeyer, S and Mariotti, C and Passarino, G and
                        Tanaka, R",
      title          = "{\href{http://cds.cern.ch/record/1559921}{Handbook of LHC Higgs Cross Sections: 3. Higgs
                        Properties}}",
      collaboration  = "LHC Higgs Cross Section Working Group",
      doi            = "10.5170/CERN-2013-004",
      year           = "2013",
      eprint         = "1307.1347",
      archivePrefix  = "arXiv",
      primaryClass   = "hep-ph",
      reportNumber   = "CERN-2013-004, FERMILAB-CONF-13-667-T",
      SLACcitation   = "%%CITATION = ARXIV:1307.1347;%%"
}

@article{Ellis:2012hz,
      author         = "Ellis, John and You, Tevong",
      title          = "{\href{https://link.springer.com/article/10.1007%2FJHEP09%282012%29123}{Global analysis of the Higgs candidate with mass ~ 125 GeV}}",
      journal        = "JHEP",
      volume         = "09",
      year           = "2012",
      pages          = "123",
      doi            = "10.1007/JHEP09(2012)123",
      eprint         = "1207.1693",
      archivePrefix  = "arXiv",
      primaryClass   = "hep-ph",
      reportNumber   = "KCL-PH-TH-2012-28, LCTS-2012-14, CERN-PH-TH-2012-192",
      SLACcitation   = "%%CITATION = ARXIV:1207.1693;%%"
}

@article{Ellis:2013lra,
      author         = "Ellis, John and You, Tevong",
      title          = "{\href{https://link.springer.com/article/10.1007%2FJHEP06%282013%29103}{Updated Global Analysis of Higgs Couplings}}",
      journal        = "JHEP",
      volume         = "06",
      year           = "2013",
      pages          = "103",
      doi            = "10.1007/JHEP06(2013)103",
      eprint         = "1303.3879",
      archivePrefix  = "arXiv",
      primaryClass   = "hep-ph",
      reportNumber   = "KCL-PH-TH-2013-10, LCTS-2013-05, CERN-PH-TH-2013-050",
      SLACcitation   = "%%CITATION = ARXIV:1303.3879;%%"
}

@article{Patrignani:2241948,
      author        = "Patrignani, C et al.",
      title         = "{\href{http://cds.cern.ch/record/2241948}{Review of Particle Physics, 2016-2017}}",
      journal       = "Chin. Phys. C",
      collaboration = "Particle Data Group",
      number        = "10",
      volume        = "40",
      pages         = "100001. 1808 p",
      year          = "2016",
      url           = "http://cds.cern.ch/record/2241948",
}

@article{Bishara:2016jga,
      author         = "Bishara, Fady and Haisch, Ulrich and Monni, Pier
                        Francesco and Re, Emanuele",
      title          = "{\href{https://journals.aps.org/prl/abstract/10.1103/PhysRevLett.118.121801}{Constraining Light-Quark Yukawa Couplings from Higgs Distributions}}",
      journal        = "Phys. Rev. Lett.",
      volume         = "118",
      year           = "2017",
      number         = "12",
      pages          = "121801",
      doi            = "10.1103/PhysRevLett.118.121801",
      eprint         = "1606.09253",
      archivePrefix  = "arXiv",
      primaryClass   = "hep-ph",
      reportNumber   = "OUTP-16-18P, CERN-TH-2016-136, LAPTH-026/16",
      SLACcitation   = "%%CITATION = ARXIV:1606.09253;%%"
}

@techreport{CMS-PAS-HIG-17-028,
      title         = "{\href{https://cds.cern.ch/record/2628757}{Combined measurement and interpretation of differential
                       Higgs boson production cross sections at $\sqrt{s}$=13
                       TeV}}",
      institution   = "CERN",
      collaboration = "CMS Collaboration",
      address       = "Geneva",
      number        = "CMS-PAS-HIG-17-028",
      year          = "2018",
      reportNumber  = "CMS-PAS-HIG-17-028",
      url           = "https://cds.cern.ch/record/2628757",
}

@article{GUBERINA1980317,
author = "{B. Guberina and J.H. K{\"u}hn and R.D. Peccei and R. R{\"u}ckl}",
title = "{\href{https://www.sciencedirect.com/science/article/pii/0550321380902874}{Rare decays of the Z$^{0}$}}",
journal = "Nuclear Physics B",
volume = "174",
pages = "317",
year = "1980",
issn = "0550-3213",
doi = "https://doi.org/10.1016/0550-3213(80)90287-4",
url = "http://www.sciencedirect.com/science/article/pii/0550321380902874"
}

@article{PhysRevD.92.014007,
  author         = "Huang, Ting-Chung and Petriello, Frank",
      title          = "{\href{https://journals.aps.org/prd/abstract/10.1103/PhysRevD.92.014007}{Rare exclusive decays of the Z-boson revisited}}",
      journal        = "Phys. Rev. D",
      volume         = "92",
      year           = "2015",
      pages          = "014007",
      doi            = "10.1103/PhysRevD.92.014007",
      eprint         = "1411.5924",
      archivePrefix  = "arXiv",
      primaryClass   = "hep-ph",
      SLACcitation   = "%%CITATION = ARXIV:1411.5924;%%"
}

@article{Grossmann:2015lea,
      author         = "Grossman, Yuval and K{\"o}nig, Matthias and Neubert, Matthias",
      title          = "{\href{https://link.springer.com/article/10.1007%2FJHEP04%282015%29101}{Exclusive radiative decays of W and Z bosons in QCD factorization}}",
      journal        = "JHEP",
      volume         = "04",
      year           = "2015",
      pages          = "101",
      doi            = "10.1007/JHEP04(2015)101",
      eprint         = "1501.06569",
      archivePrefix  = "arXiv",
      primaryClass   = "hep-ph",
      reportNumber   = "MITP-15-002",
      SLACcitation   = "%%CITATION = ARXIV:1501.06569;%%"
}

@article{Bodwin:2017wdu,
      author         = "Bodwin, Geoffrey T. and Chung, Hee Sok and Ee, June-Haak
                        and Lee, Jungil",
      title          = "{\href{https://journals.aps.org/prd/abstract/10.1103/PhysRevD.96.116014}{Addendum: New approach to the resummation of logarithms in Higgs-boson decays to a vector quarkonium plus a photon
                        [Phys. Rev. D 95, 054018 (2017)]}}",
      journal        = "Phys. Rev. D",
      volume         = "96",
      year           = "2017",
      pages          = "116014",
      doi            = "10.1103/PhysRevD.96.116014",
      eprint         = "1710.09872",
      archivePrefix  = "arXiv",
      primaryClass   = "hep-ph",
      SLACcitation   = "%%CITATION = ARXIV:1710.09872;%%"
}

@article{Bodwin:2017pzj,
      author         = "Bodwin, Geoffrey T. and Chung, Hee Sok and Ee, June-Haak
                        and Lee, Jungil",
      title          = "{\href{https://journals.aps.org/prd/abstract/10.1103/PhysRevD.97.016009}{$Z$-boson decays to a vector quarkonium plus a photon}}",
      journal        = "Phys. Rev. D",
      volume         = "97",
      year           = "2018",
      number         = "1",
      pages          = "016009",
      doi            = "10.1103/PhysRevD.97.016009",
      eprint         = "1709.09320",
      archivePrefix  = "arXiv",
      primaryClass   = "hep-ph",
      SLACcitation   = "%%CITATION = ARXIV:1709.09320;%%"
}

@article{PhysRevD.51.1125,
  title = "{\href{https://journals.aps.org/prd/abstract/10.1103/PhysRevD.51.1125}{Rigorous QCD analysis of inclusive annihilation and production of heavy quarkonium}}",
  author = {Bodwin, Geoffrey T. and Braaten, Eric and Lepage, G. Peter},
  journal = {Phys. Rev. D},
  volume = {51},
  issue = {3},
  pages = {1125--1171},
  numpages = {0},
  year = {1995},
  month = {Feb},
  publisher = {American Physical Society},
  doi = {10.1103/PhysRevD.51.1125},
  url = {https://link.aps.org/doi/10.1103/PhysRevD.51.1125}
}

@article{PhysRevD.22.2157,
  title = "{\href{https://journals.aps.org/prd/abstract/10.1103/PhysRevD.22.2157}{Exclusive processes in perturbative quantum chromodynamics}}",
  author = {Lepage, G. Peter and Brodsky, Stanley J.},
  journal = {Phys. Rev. D},
  volume = {22},
  issue = {9},
  pages = {2157--2198},
  numpages = {0},
  year = {1980},
  month = {Nov},
  publisher = {American Physical Society},
  doi = {10.1103/PhysRevD.22.2157},
  url = {https://link.aps.org/doi/10.1103/PhysRevD.22.2157}
}

@article{Chernyak:1983ej,
      author         = "{Chernyak, V. L. and Zhitnitsky, A. R.}",
      title          = "{\href{https://www.sciencedirect.com/science/article/pii/0370157384901261}{Asymptotic Behavior of Exclusive Processes in QCD}}",
      journal        = "Phys. Rept.",
      volume         = "112",
      year           = "1984",
      pages          = "173",
      doi            = "10.1016/0370-1573(84)90126-1",
      reportNumber   = "IYF-83-103, IYF-83-104, IYF-83-105, IYF-83-106,
                        IYF-83-107, IYF-83-108",
      SLACcitation   = "%%CITATION = PRPLC,112,173;%%"
}

@article{PhysRev.77.242,
  title = "{\href{https://journals.aps.org/pr/abstract/10.1103/PhysRev.77.242}{Selection Rules for the Dematerialization of a Particle into Two Photons}}",
  author = {Yang, C. N.},
  journal = {Phys. Rev.},
  volume = {77},
  issue = {2},
  pages = {242--245},
  numpages = {0},
  year = {1950},
  month = {Jan},
  publisher = {American Physical Society},
  doi = {10.1103/PhysRev.77.242},
  url = {https://link.aps.org/doi/10.1103/PhysRev.77.242}
}

@article{Li:2012wna,
      author         = "Li, Ye and Petriello, Frank",
      title          = "{\href{https://journals.aps.org/prd/abstract/10.1103/PhysRevD.86.094034}{Combining QCD and electroweak corrections to dilepton production in FEWZ}}",
      journal        = "Phys. Rev. D",
      volume         = "86",
      year           = "2012",
      pages          = "094034",
      doi            = "10.1103/PhysRevD.86.094034",
      eprint         = "1208.5967",
      archivePrefix  = "arXiv",
      primaryClass   = "hep-ph",
      reportNumber   = "ANL-HEP-PR-12-68",
      SLACcitation   = "%%CITATION = ARXIV:1208.5967;%%"
}

@article{Aad:2015sda,
      author         = "Aad, Georges and others",
      title          = "{\href{https://journals.aps.org/prl/abstract/10.1103/PhysRevLett.114.121801}{Search for Higgs and Z Boson decays to J$/\ensuremath{\psi}\ensuremath{\gamma}$ and $\ensuremath{\Upsilon}(nS)\ensuremath{\gamma}$ with the ATLAS detector}}",
      collaboration  = "ATLAS",
      journal        = "Phys. Rev. Lett.",
      volume         = "114",
      year           = "2015",
      pages          = "121801",
      doi            = "10.1103/PhysRevLett.114.121801",
      eprint         = "1501.03276",
      archivePrefix  = "arXiv",
      primaryClass   = "hep-ex",
      reportNumber   = "CERN-PH-EP-2014-294",
      SLACcitation   = "%%CITATION = ARXIV:1501.03276;%%"                                                              
}

@article{Run1Paper_Dalitz,
      author         = "Khachatryan, Vardan and others",
      title          = "{\href{https://www.sciencedirect.com/science/article/pii/S0370269315009879?via%3Dihub}{Search for a Higgs boson decaying into $\gamma^* \gamma\to \ell \ell \gamma$ with low dilepton mass in pp
                        collisions at $\sqrt s = $ 8 TeV}}",
      collaboration  = "CMS",
      journal        = "Phys. Lett. B",
      volume         = "753",
      year           = "2016",
      pages          = "341",
      doi            = "10.1016/j.physletb.2015.12.039",
      eprint         = "1507.03031",
      archivePrefix  = "arXiv",
      primaryClass   = "hep-ex",
      reportNumber   = "CMS-HIG-14-003, CERN-PH-EP-2015-137",
      SLACcitation   = "%%CITATION = ARXIV:1507.03031;%%"                                                              
}

@article{Aaboud:2018txb,
      author         = "Aaboud, Morad and others",
      title          = "{\href{https://atlas.web.cern.ch/Atlas/GROUPS/PHYSICS/PAPERS/HIGG-2016-23/}{Searches for exclusive Higgs and $Z$ boson decays into $J/\psi\gamma$, $\psi(2S)\gamma$, and $\Upsilon(nS)\gamma$
                        at $\sqrt{s}=13$ TeV with the ATLAS detector}}",
      collaboration  = "ATLAS",
      year           = "2018",
      eprint         = "1807.00802",
      archivePrefix  = "arXiv",
      primaryClass   = "hep-ex",
      reportNumber   = "CERN-EP-2018-154, CERN-EP-2018-154",
      SLACcitation   = "%%CITATION = ARXIV:1807.00802;%%"
}

@article{Mobs:2197559,
      author        = "Mobs, Esma",
      title         = "{\href{https://cds.cern.ch/record/2197559}{The CERN accelerator complex. Complexe des
                       acc√©l√©rateurs du CERN}}",
      month         = "Jul",
      year          = "2016",
      reportNumber  = "OPEN-PHO-ACCEL-2016-009",
      url           = "https://cds.cern.ch/record/2197559",
      note          = "General Photo",
}

@misc{CMSLUMI,
  title = "{\href{https://twiki.cern.ch/twiki/bin/view/CMSPublic/LumiPublicResults}{CMS Luminosity - Public Results}}",
  note = {History: r140}
}

@techreport{Sakuma:1626816,
      author        = "Sakuma, Tai and McCauley, Thomas",
      title         = "{\href{https://cds.cern.ch/record/1626816}{Detector and event visualization with SketchUp at the CMS
                       experiment}}",
      institution   = "CERN",
      address       = "Geneva",
      number        = "CMS-CR-2013-379. arXiv:1311.4942",
      month         = "Oct",
      year          = "2013",
      reportNumber  = "CMS-CR-2013-379",
      url           = "https://cds.cern.ch/record/1626816",
      note          = "Comments: 5 pages, 6 figures, Proceedings for CHEP 2013,
                       20th International Conference on Computing in High Energy
                       and Nuclear Physics",
}

@article{Chatrchyan:2008aa,
      author         = "Chatrchyan, S. and others",
      title          = "{\href{http://iopscience.iop.org/article/10.1088/1748-0221/3/08/S08004/meta}{The CMS Experiment at the CERN LHC}}",
      collaboration  = "CMS",
      journal        = "JINST",
      volume         = "3",
      year           = "2008",
      pages          = "S08004",
      doi            = "10.1088/1748-0221/3/08/S08004",
      SLACcitation   = "%%CITATION = JINST,3,S08004;%%"
}

@article{Benaglia:2014aqa,
      author         = "Benaglia, A.",
      title          = "{\href{http://iopscience.iop.org/article/10.1088/1748-0221/9/02/C02008/meta}{The CMS ECAL performance with examples}}",
      booktitle      = "{Proceedings, 13th Topical Seminar on Innovative Particle
                        and Radiation Detectors (IPRD13): Siena, Italy, October
                        7-10, 2013}",
      collaboration  = "CMS",
      journal        = "JINST",
      volume         = "9",
      year           = "2014",
      pages          = "C02008",
      doi            = "10.1088/1748-0221/9/02/C02008",
      SLACcitation   = "%%CITATION = JINST,9,C02008;%%"
}

@article{TRK-11-001,
      author         = "Chatrchyan, Serguei and others",
      title          = "{\href{http://iopscience.iop.org/article/10.1088/1748-0221/9/10/P10009/meta}{Description and performance of track and primary-vertex reconstruction with the CMS tracker}}",
      collaboration  = "CMS",
      journal           = "JINST",
      volume          = "9",
      pages           = "P10009",
      doi            = "10.1088/1748-0221/9/10/P10009",
      year           = "2014",
      eprint         = "1405.6569",
      archivePrefix  = "arXiv",
      primaryClass   = "physics.ins-det",
      reportNumber   = "CMS-TRK-11-001, CERN-PH-EP-2014-070",
      SLACcitation   = "%%CITATION = ARXIV:1405.6569;%%",
}

@article{CMS:EGM-14-001,
      author         = "Khachatryan, Vardan and others",
      title          = "{\href{http://iopscience.iop.org/article/10.1088/1748-0221/10/08/P08010/meta}{Performance of photon reconstruction and identification with the CMS detector in proton-proton collisions at $\sqrt{s} = 8$\TeV}}",
      collaboration  = "CMS",
      journal        = "JINST",
      volume         = "10",
      pages          = "P08010",
      doi            = "10.1088/1748-0221/10/08/P08010",
      year           = "2015",
      eprint         = "1502.02702",
      archivePrefix  = "arXiv",
      primaryClass   = "physics.ins-det",
      reportNumber   = "CMS-EGM-14-001, CERN-PH-EP-2015-006",
      SLACcitation   = "%%CITATION = ARXIV:1502.02702;%%",
}

@article{Fruhwirth:1987fm,
      author         = "Fruhwirth, R.",
      title          = "{\href{https://www.sciencedirect.com/science/article/pii/0168900287908874?via%3Dihub}{Application of Kalman filtering to track and vertex fitting}}",
      journal        = "Nucl. Instrum. Meth. A",
      volume         = "262",
      year           = "1987",
      pages          = "444-450",
      doi            = "10.1016/0168-9002(87)90887-4",
      reportNumber   = "HEPHY-PUB-87-503",
      SLACcitation   = "%%CITATION = NUIMA,A262,444;%%"
}

@article{Sirunyan:2018fpa,
      author         = "Sirunyan, A. M. and others",
      title          = "{\href{http://iopscience.iop.org/article/10.1088/1748-0221/13/06/P06015/meta}{Performance of the CMS muon detector and muon reconstruction with proton-proton collisions at $\sqrt{s}=$ 13 TeV}}",
      collaboration  = "CMS",
      journal        = "JINST",
      volume         = "13",
      year           = "2018",
      number         = "06",
      pages          = "P06015",
      doi            = "10.1088/1748-0221/13/06/P06015",
      eprint         = "1804.04528",
      archivePrefix  = "arXiv",
      primaryClass   = "physics.ins-det",
      reportNumber   = "CMS-MUO-16-001, CERN-EP-2018-058, CMS-MUO-16-001,
                        CERN-EP-2018-058",
      SLACcitation   = "%%CITATION = ARXIV:1804.04528;%%"
}

@article{Chatrchyan:2012xi,
      author         = "Chatrchyan, Serguei and others",
      title          = "{\href{http://iopscience.iop.org/article/10.1088/1748-0221/7/10/P10002/meta}{Performance of CMS muon reconstruction in $pp$ collision events at $\sqrt{s} = 7$\TeV}}",
      collaboration  = "CMS",
      journal        = "JINST",
      volume         = "7",
      pages          = "P10002",
      doi            = "10.1088/1748-0221/7/10/P10002",
      year           = "2012",
      eprint         = "1206.4071",
      archivePrefix  = "arXiv",
      primaryClass   = "physics.ins-det",
      reportNumber   = "CMS-MUO-10-004, CERN-PH-EP-2012-173",
      SLACcitation   = "%%CITATION = ARXIV:1206.4071;%%",
}

@article{Chatrchyan:2014wfa,
      author         = "Chatrchyan, Serguei and others",
      title          = "{\href{http://iopscience.iop.org/article/10.1088/1748-0221/9/06/P06009/meta}{Alignment of the CMS tracker with LHC and cosmic ray data}}",
      collaboration  = "CMS",
      journal        = "JINST",
      volume         = "9",
      year           = "2014",
      pages          = "P06009",
      doi            = "10.1088/1748-0221/9/06/P06009",
      eprint         = "1403.2286",
      archivePrefix  = "arXiv",
      primaryClass   = "physics.ins-det",
      reportNumber   = "CMS-TRK-11-002, CERN-PH-EP-2014-028",
      SLACcitation   = "%%CITATION = ARXIV:1403.2286;%%"
}

@Article{Cacciari:2008gp,
     AUTHOR    = "Cacciari, Matteo and Salam, Gavin P. and Soyez, Gregory",
     TITLE     = "{\href{http://iopscience.iop.org/article/10.1088/1126-6708/2008/04/063/meta}{The anti-$k_t$ jet clustering algorithm}}",
     JOURNAL   = "JHEP",
     VOLUME    = "04",
     YEAR      = "2008",
     PAGES     = "063",
     doi       = "10.1088/1126-6708/2008/04/063",
     eprint         = "0802.1189",
     archivePrefix  = "arXiv",
     primaryClass   = "hep-ex",
}
@article{Cacciari:2011ma,
      author         = "Cacciari, Matteo and Salam, Gavin P. and Soyez, Gregory",
      title          = "{\href{https://link.springer.com/article/10.1140%2Fepjc%2Fs10052-012-1896-2}{FastJet user manual}}",
      journal        = "Eur. Phys. J. C",
      volume         = "72",
      pages          = "1896",
      doi            = "10.1140/epjc/s10052-012-1896-2",
      year           = "2012",
      eprint         = "1111.6097",
      archivePrefix  = "arXiv",
      primaryClass   = "hep-ph",
      reportNumber   = "CERN-PH-TH-2011-297",
      SLACcitation   = "%%CITATION = ARXIV:1111.6097;%%",
}

@techreport{Contardo:2020886,
      author        = "Contardo, D and Klute, M and Mans, J and Silvestris, L and
                       Butler, J",
      title         = "{\href{https://cds.cern.ch/record/2020886}{Technical proposal for the Phase-II upgrade of the CMS detector}}",
      address       = "Geneva",
      number        = "CERN-LHCC-2015-010. LHCC-P-008. CMS-TDR-15-02",
      month         = "Jun",
      year          = "2015",
      reportNumber  = "CERN-LHCC-2015-010",
      url           = "https://cds.cern.ch/record/2020886",
      note          = "Upgrade Project Leader Deputies: Lucia Silvestris
                       (INFN-Bari), Jeremy Mans (University of Minnesota)
                       Additional contacts: Lucia.Silvestris@cern.ch,
                       Jeremy.Mans@cern.ch",
}

@article{Alioli:2008tz,
      author         = "Alioli, Simone and Nason, Paolo and Oleari, Carlo and Re,
                        Emanuele",
      title          = "{\href{http://iopscience.iop.org/article/10.1088/1126-6708/2009/04/002/meta}{NLO Higgs boson production via gluon fusion matched with shower in POWHEG}}",
      journal        = "JHEP",
      volume         = "04",
      year           = "2009",
      pages          = "002",
      doi            = "10.1088/1126-6708/2009/04/002",
      eprint         = "0812.0578",
      archivePrefix  = "arXiv",
      primaryClass   = "hep-ph",
      SLACcitation   = "%%CITATION = ARXIV:0812.0578;%%"
}

@article{Nason:2009ai,
      author         = "Nason, Paolo and Oleari, Carlo",
      title          = "{\href{https://link.springer.com/article/10.1007%2FJHEP02%282010%29037}{NLO Higgs boson production via vector-boson fusion matched with shower in POWHEG}}",
      journal        = "JHEP",
      volume         = "02",
      year           = "2010",
      pages          = "037",
      doi            = "10.1007/JHEP02(2010)037",
      eprint         = "0911.5299",
      archivePrefix  = "arXiv",
      primaryClass   = "hep-ph",
      SLACcitation   = "%%CITATION = ARXIV:0911.5299;%%"
}

@article{SJOSTRAND2008852,
author         = "Sj{\"o}strand, Torbjorn and Mrenna, Stephen and Skands, Peter Z.",
      title          = "{\href{https://www.sciencedirect.com/science/article/pii/S0010465508000441?via%3Dihub}{A brief introduction to {PYTHIA} 8.1}}",
      journal        = "Comput. Phys. Commun.",
      volume         = "178",
      pages          = "852",
      doi            = "10.1016/j.cpc.2008.01.036",
      year           = "2008",
      eprint         = "0710.3820",
      archivePrefix  = "arXiv",
      primaryClass   = "hep-ph",
      reportNumber   = "CERN-LCGAPP-2007-04, LU-TP-07-28,
                        FERMILAB-PUB-07-512-CD-T",
      SLACcitation   = "%%CITATION = ARXIV:0710.3820;%%",
}

@article{Sjostrand:2014zea,
      author         = "Sj{\"o}strand, Torbj{\"o}rn and Ask, Stefan and Christiansen,
                        Jesper R. and Corke, Richard and Desai, Nishita and Ilten,
                        Philip and Mrenna, Stephen and Prestel, Stefan and
                        Rasmussen, Christine O. and Skands, Peter Z.",
      title          = "{\href{https://www.sciencedirect.com/science/article/pii/S0010465515000442?via%3Dihub}{An introduction to {PYTHIA} 8.2}}",
      journal        = "Comput. Phys. Commun.",
      volume         = "191",
      year           = "2015",
      pages          = "159",
      doi            = "10.1016/j.cpc.2015.01.024",
      eprint         = "1410.3012",
      archivePrefix  = "arXiv",
      primaryClass   = "hep-ph",
      reportNumber   = "LU-TP-14-36, MCNET-14-22, CERN-PH-TH-2014-190,
                        FERMILAB-PUB-14-316-CD, DESY-14-178, SLAC-PUB-16122",
      SLACcitation   = "%%CITATION = ARXIV:1410.3012;%%"
}

@article{Khachatryan:2015pea,
      author         = "Khachatryan, Vardan and others",
      title          = "{\href{https://link.springer.com/article/10.1140/epjc/s10052-016-3988-x}{Event generator tunes obtained from underlying event and multiparton scattering measurements}}",
      collaboration  = "CMS",
      journal        = "Eur. Phys. J. C",
      volume         = "76",
      year           = "2016",
      pages          = "155",
      doi            = "10.1140/epjc/s10052-016-3988-x",
      eprint         = "1512.00815",
      archivePrefix  = "arXiv",
      primaryClass   = "hep-ex",
      reportNumber   = "CMS-GEN-14-001, CERN-PH-EP-2015-291",
      SLACcitation   = "%%CITATION = ARXIV:1512.00815;%%"
}
@article{Ball:2014uwa,
      author         = "Ball, Richard D. and others",
      title          = "{\href{https://link.springer.com/article/10.1007%2FJHEP04%282015%29040}{Parton distributions for the LHC Run II}}",
      collaboration  = "NNPDF",
      journal        = "JHEP",
      volume         = "04",
      year           = "2015",
      pages          = "040",
      doi            = "10.1007/JHEP04(2015)040",
      eprint         = "1410.8849",
      archivePrefix  = "arXiv",
      primaryClass   = "hep-ph",
      reportNumber   = "EDINBURGH-2014-15, IFUM-1034-FT, CERN-PH-TH-2013-253,
                        OUTP-14-11P, CAVENDISH-HEP-14-11",
      SLACcitation   = "%%CITATION = ARXIV:1410.8849;%%"
}

@article{Abba96,
      author         = "Abbasabadi, Ali and Bowser-Chao, David and Dicus, Duane
                        A. and Repko, Wayne W.",
      title          = "{\href{https://journals.aps.org/prd/abstract/10.1103/PhysRevD.55.5647}{Radiative {Higgs} boson decays {$\PH\to ff\gamma$}}}",
      journal        = "Phys. Rev. D",
      volume         = "55",
      pages          = "5647",
      doi            = "10.1103/PhysRevD.55.5647",
      year           = "1997",
      eprint         = "hep-ph/9611209",
      archivePrefix  = "arXiv",
      primaryClass   = "hep-ph",
      reportNumber   = "MSUHEP-61022, DOE-ER-40757-088, U-TEXAS-HEP-96-19",
      SLACcitation   = "%%CITATION = HEP-PH/9611209;%%",
}

@article{Alwall:2014hca,
      author         = "Alwall, J. and Frederix, R. and Frixione, S. and Hirschi,
                        V. and Maltoni, F. and Mattelaer, O. and Shao, H.-S. and Stelzer, T. and Torrielli, P. and Zaro, M.",
      title          = "{\href{https://link.springer.com/article/10.1007%2FJHEP07%282014%29079}{The automated computation of tree-level and next-to-leading order differential cross sections, and their matching to parton shower simulations}}",
      journal        = "JHEP",
      volume         = "07",
      pages          = "079",
      doi            = "10.1007/JHEP07(2014)079",
      year           = "2014",
      eprint         = "1405.0301",
      archivePrefix  = "arXiv",
      primaryClass   = "hep-ph",
      reportNumber   = "CERN-PH-TH-2014-064, CP3-14-18, LPN14-066, MCNET-14-09,
                        ZU-TH-14-14",
      SLACcitation   = "%%CITATION = ARXIV:1405.0301;%%"
}


@article{MCFM7,
      author         = "Campbell, John M. and Ellis, R.",
      title          = "{\href{https://www.sciencedirect.com/science/article/pii/S0920563210001945?via%3Dihub}{MCFM for the Tevatron and the LHC}}",
      journal        = "Nucl. Phys. Proc. Suppl.",
      volume         = "205",
      pages          = "10",
      doi            = "10.1016/j.nuclphysbps.2010.08.011",
      year           = "2010",
      eprint         = "1007.3492",
      archivePrefix  = "arXiv",
      primaryClass   = "hep-ph",
      reportNumber   = "FERMILAB-CONF-10-244-T",
      SLACcitation   = "%%CITATION = ARXIV:1007.3492;%%",                                                                                             
}

@article{Bodek:2012id,
      author         = "Bodek, A. and van Dyne, A. and Han, J. Y. and Sakumoto,
                        W. and Strelnikov, A.",
      title          = "{\href{https://link.springer.com/article/10.1140%2Fepjc%2Fs10052-012-2194-8}{Extracting muon momentum xcale corrections for hadron collider experiments}}",
      journal        = "Eur. Phys. J.",
      volume         = "C72",
      year           = "2012",
      pages          = "2194",
      doi            = "10.1140/epjc/s10052-012-2194-8",
      eprint         = "1208.3710",
      archivePrefix  = "arXiv",
      primaryClass   = "hep-ex",
      SLACcitation   = "%%CITATION = ARXIV:1208.3710;%%"
}

@article{cite:tagandprobe,
     author         = "Chatrchyan, Serguei and others",
      title          = "{\href{https://link.springer.com/article/10.1007%2FJHEP10%282011%29132}{Measurement of the inclusive $W$ and $Z$ production cross sections in $\Pp\Pp$ collisions at $\sqrt{s}=7$ TeV}}",
      collaboration  = "CMS",
      journal        = "JHEP",
      volume         = "10",
      year           = "2011",
      pages          = "132",
      doi            = "10.1007/JHEP10(2011)132",
      eprint         = "1107.4789",
      archivePrefix  = "arXiv",
      primaryClass   = "hep-ex",
      reportNumber   = "CERN-PH-EP-2011-107, CMS-EWK-10-005",
      SLACcitation   = "%%CITATION = ARXIV:1107.4789;%%"
}

@techreport{CMS-PAS-LUM-17-001,
      title         = "{\href{https://cds.cern.ch/record/2257069}{CMS Luminosity measurements for the 2016 data taking
                       period}}",
      collaboration = "CMS",
      number        = "CMS-PAS-LUM-17-001",
      year          = "2017",
      reportNumber  = "CMS-PAS-LUM-17-001",
      url           = "https://cds.cern.ch/record/2257069",
}

@article{Butterworth:2015oua,
      author         = "Butterworth, Jon and others",
      title          = "{\href{http://iopscience.iop.org/article/10.1088/0954-3899/43/2/023001/meta}{PDF4LHC recommendations for LHC Run II}}",
      journal        = "J. Phys. G",
      volume         = "43",
      year           = "2016",
      pages          = "023001",
      doi            = "10.1088/0954-3899/43/2/023001",
      eprint         = "1510.03865",
      archivePrefix  = "arXiv",
      primaryClass   = "hep-ph",
      reportNumber   = "OUTP-15-17P, SMU-HEP-15-12, TIF-UNIMI-2015-14,
                        LCTS-2015-27, CERN-PH-TH-2015-249",
      SLACcitation   = "%%CITATION = ARXIV:1510.03865;%%"
}

@Article{Martin2009,
author         = "Martin, A. D. and Stirling, W. J. and Thorne, R. S. and
                        Watt, G.",
      title          = "{\href{https://link.springer.com/article/10.1140%2Fepjc%2Fs10052-009-1072-5}{Parton distributions for the LHC}}",
      journal        = "Eur. Phys. J. C",
      volume         = "63",
      pages          = "189",
      doi            = "10.1140/epjc/s10052-009-1072-5",
      year           = "2009",
      eprint         = "0901.0002",
      archivePrefix  = "arXiv",
      primaryClass   = "hep-ph",
      reportNumber   = "IPPP-08-95, DCPT-08-190, CAVENDISH-HEP-08-16",
      SLACcitation   = "%%CITATION = ARXIV:0901.0002;%%",
}

@article{PhysRevD.82.074024,
  author         = "Lai, {Hung-Liang} and Guzzi, Marco and Huston, Joey and Li,
                        Zhao and Nadolsky, Pavel M. and Pumplin, Jon and Yuan, C.-P.",
      title          = "{\href{https://journals.aps.org/prd/abstract/10.1103/PhysRevD.82.074024}{New parton distributions for collider physics}}",
      journal        = "Phys. Rev. D",
      volume         = "82",
      pages          = "74024",
      doi            = "10.1103/PhysRevD.82.074024",
      year           = "2010",
      eprint         = "1007.2241",
      archivePrefix  = "arXiv",
      primaryClass   = "hep-ph",
      reportNumber   = "MSUHEP-100707, SMU-HEP-10-10",
      SLACcitation   = "%%CITATION = ARXIV:1007.2241;%%",
}

@unpublished{Alekhin:2011sk,
      author         = "Alekhin, Sergey and others",
      title          = "{\href{https://arxiv.org/abs/1101.0536}{The PDF4LHC Working Group Interim Report}}",
      year           = "2011",
      eprint         = "1101.0536",
      archivePrefix  = "arXiv",
      primaryClass   = "hep-ph",
      SLACcitation   = "%%CITATION = ARXIV:1101.0536;%%"
}

@unpublished{Botje:2011sn,
      author         = "Botje, Michiel and Butterworth, Jon and Cooper-Sarkar,
                        Amanda and de Roeck, Albert and Feltesse, Joel and Forte, Stephano and Glazov, Alexander and Huston, Joey and McNulty, Ronan and Sj{\"o}strand",
      title          = "{\href{https://arxiv.org/abs/1101.0538}{The PDF4LHC Working Group Interim Recommendations}}",
      year           = "2011",
      eprint         = "1101.0538",
      archivePrefix  = "arXiv",
      primaryClass   = "hep-ph",
      SLACcitation   = "%%CITATION = ARXIV:1101.0538;%%"
}

@article{BALL2011296,
      author         = "Ball, Richard D. and Bertone, Valerio and Cerutti,
                        Francesco and Del Debbio, Luigi and Forte, Stefano and
                        Guffanti, Alberto and Latorre, Jose I. and Rojo, Juan and
                        Ubiali, Maria",
      title          = "{\href{https://www.sciencedirect.com/science/article/pii/S0550321311001842?via%3Dihub}{Impact of heavy quark masses on parton distributions and LHC phenomenology}}",
      journal        = "Nucl. Phys. B",
      volume         = "849",
      year           = "2011",
      pages          = "296",
      doi            = "10.1016/j.nuclphysb.2011.03.021",
      eprint         = "1101.1300",
      archivePrefix  = "arXiv",
      primaryClass   = "hep-ph",
      reportNumber   = "EDINBURGH-2011-01, IFUM-969-FT, FR-PHENO-2010-043,
                        RWTH-TTK-11-02",
      SLACcitation   = "%%CITATION = ARXIV:1101.1300;%%"
}

@article{Passarino,
      author         = "Passarino, Giampiero",
      title          = "{\href{https://www.sciencedirect.com/science/article/pii/S0370269313008599?via%3Dihub}{Higgs boson production and decay: Dalitz sector}}",
      journal        = "Phys. Lett. B",
      volume         = "727",
      pages          = "424",
      doi            = "10.1016/j.physletb.2013.10.052",
      year           = "2013",
      eprint         = "1308.0422",
      archivePrefix  = "arXiv",
      primaryClass   = "hep-ph",
      SLACcitation   = "%%CITATION = ARXIV:1308.0422;%%",                                                                                             
}

@Article{CLs_ref1,
     author         = "Read, Alexander L.",
      title          = "{\href{http://iopscience.iop.org/article/10.1088/0954-3899/28/10/313/meta}{Presentation of search results: The $\text{CL}_{\text{s}}$ technique}}",
      booktitle      = "{Advanced Statistical Techniques in Particle Physics.
                        Proceedings, Conference, Durham, UK, March 18-22, 2002}",
      journal        = "J. Phys. G",
      volume         = "28",
      year           = "2002",
      pages          = "2693",
      doi            = "10.1088/0954-3899/28/10/313",
      SLACcitation   = "%%CITATION = JPAGA,G28,2693;%%"
}
@Article{CLs_ref2,
     author    = "Junk, Thomas",
     title     = "{\href{https://www.sciencedirect.com/science/article/pii/S0168900299004982?via%3Dihub}{Confidence level computation for combining searches with small statistics}}",
     journal   = "Nucl. Instrum. Meth. A",
     volume    = "434",
     year      = "1999",
     pages     = "435",
     eprint    = "hep-ex/9902006",
     archivePrefix = "arXiv",
     doi       = "10.1016/S0168-9002(99)00498-2",
}
@TECHREPORT{CLs_ref3,
      author         = "{ATLAS and CMS Collaborations, The LHC Higgs combination group}",
      title         = "{\href{https://cds.cern.ch/record/1379837}{Procedure for the {LHC Higgs} boson search combination in
                       Summer 2011}}",
      number        = "CMS-NOTE-2011-005. ATL-PHYS-PUB-2011-11",
      year          = "2011",
      reportNumber  = "CMS-NOTE-2011-005",
      url           = "https://cds.cern.ch/record/1379837"
     }

@Article{Cowan:2010js,
      author         = "Cowan, Glen and Cranmer, Kyle and Gross, Eilam and
                        Vitells, Ofer",
      title          = "{\href{https://link.springer.com/article/10.1140%2Fepjc%2Fs10052-011-1554-0}{Asymptotic formulae for likelihood-based tests of new physics}}",
      journal        = "Eur. Phys. J. C",
      volume         = "71",
      year           = "2011",
      pages          = "1554",
      doi            = "10.1140/epjc/s10052-011-1554-0,
                        10.1140/epjc/s10052-013-2501-z",
      note           = "[Erratum: Eur. Phys. J.C 73,2501(2013)]",
      eprint         = "1007.1727",
      archivePrefix  = "arXiv",
      primaryClass   = "physics.data-an",
      SLACcitation   = "%%CITATION = ARXIV:1007.1727;%%"
}

@Inbook{Neyman1992,
author="Neyman, J.
and Pearson, E. S.",
editor="Kotz, Samuel
and Johnson, Norman L.",
title="On the Problem of the Most Efficient Tests of Statistical Hypotheses",
bookTitle="Breakthroughs in Statistics: Foundations and Basic Theory",
year="1992",
publisher="Springer New York",
address="New York, NY",
pages="73--108",
abstract="The problem of testing statistical hypotheses is an old one. Its origins are usually connected with the name of Thomas Bayes, who gave the well-known theorem on the probabilities a posteriori of the possible ``causes'' of a given event.* Since then it has been discussed by many writers of whom we shall here mention two only, Bertrand{\textdagger} and Borel,{\textdaggerdbl} whose differing views serve well to illustrate the point from which we shall approach the subject.",
isbn="978-1-4612-0919-5",
doi="10.1007/978-1-4612-0919-5_6",
url="https://doi.org/10.1007/978-1-4612-0919-5_6"
}
% End %

@ARTICLE{article-minimal,
   author = {L[eslie] A. Aamport},
   title = {The Gnats and Gnus Document Preparation System},
   journal = {\mbox{G-Animal's} Journal},
   year = 1986,
}

@ARTICLE{article-full,
   author = {L[eslie] A. Aamport},
   title = {The Gnats and Gnus Document Preparation System},
   journal = {\mbox{G-Animal's} Journal},
   year = 1986,
   volume = 41,
   number = 7,
   pages = "73+",
   month = jul,
   note = "This is a full ARTICLE entry",
}

The KEY field is here to override the KEY field in the journal being
cross referenced (so is the NOTE field, in addition to its imparting
information).

@ARTICLE{article-crossref,
   crossref = {WHOLE-JOURNAL},
   key = "",
   author = {L[eslie] A. Aamport},
   title = {The Gnats and Gnus Document Preparation System},
   pages = "73+",
   note = "This is a cross-referencing ARTICLE entry",
}

@ARTICLE{whole-journal,
   key = "GAJ",
   journal = {\mbox{G-Animal's} Journal},
   year = 1986,
   volume = 41,
   number = 7,
   month = jul,
   note = {The entire issue is devoted to gnats and gnus
		(this entry is a cross-referenced ARTICLE (journal))},
}

@INBOOK{inbook-minimal,
   author = "Donald E. Knuth",
   title = "Fundamental Algorithms",
   publisher = "Addison-Wesley",
   year = "{\noopsort{1973b}}1973",
   chapter = "1.2",
}

@INBOOK{inbook-full,
   author = "Donald E. Knuth",
   title = "Fundamental Algorithms",
   volume = 1,
   series = "The Art of Computer Programming",
   publisher = "Addison-Wesley",
   address = "Reading, Massachusetts",
   edition = "Second",
   month = "10~" # jan,
   year = "{\noopsort{1973b}}1973",
   type = "Section",
   chapter = "1.2",
   pages = "10--119",
   note = "This is a full INBOOK entry",
}

@INBOOK{inbook-crossref,
   crossref = "whole-set",
   title = "Fundamental Algorithms",
   volume = 1,
   series = "The Art of Computer Programming",
   edition = "Second",
   year = "{\noopsort{1973b}}1973",
   type = "Section",
   chapter = "1.2",
   note = "This is a cross-referencing INBOOK entry",
}

@BOOK{book-minimal,
   author = "Donald E. Knuth",
   title = "Seminumerical Algorithms",
   publisher = "Addison-Wesley",
   year = "{\noopsort{1973c}}1981",
}

@BOOK{book-full,
   author = "Donald E. Knuth",
   title = "Seminumerical Algorithms",
   volume = 2,
   series = "The Art of Computer Programming",
   publisher = "Addison-Wesley",
   address = "Reading, Massachusetts",
   edition = "Second",
   month = "10~" # jan,
   year = "{\noopsort{1973c}}1981",
   note = "This is a full BOOK entry",
}

@BOOK{book-crossref,
   crossref = "whole-set",
   title = "Seminumerical Algorithms",
   volume = 2,
   series = "The Art of Computer Programming",
   edition = "Second",
   year = "{\noopsort{1973c}}1981",
   note = "This is a cross-referencing BOOK entry",
}

@BOOK{whole-set,
   author = "Donald E. Knuth",
   publisher = "Addison-Wesley",
   title = "The Art of Computer Programming",
   series = "Four volumes",
   year = "{\noopsort{1973a}}{\switchargs{--90}{1968}}",
   note = "Seven volumes planned (this is a cross-referenced set of BOOKs)",
}

@BOOKLET{booklet-minimal,
   key = "Kn{\printfirst{v}{1987}}",
   title = "The Programming of Computer Art",
}

@BOOKLET{booklet-full,
   author = "Jill C. Knvth",
   title = "The Programming of Computer Art",
   howpublished = "Vernier Art Center",
   address = "Stanford, California",
   month = feb,
   year = 1988,
   note = "This is a full BOOKLET entry",
}

@INCOLLECTION{incollection-minimal,
   author = "Daniel D. Lincoll",
   title = "Semigroups of Recurrences",
   booktitle = "High Speed Computer and Algorithm Organization",
   publisher = "Academic Press",
   year = 1977,
}

@INCOLLECTION{incollection-full,
   author = "Daniel D. Lincoll",
   title = "Semigroups of Recurrences",
   editor = "David J. Lipcoll and D. H. Lawrie and A. H. Sameh",
   booktitle = "High Speed Computer and Algorithm Organization",
   number = 23,
   series = "Fast Computers",
   chapter = 3,
   type = "Part",
   pages = "179--183",
   publisher = "Academic Press",
   address = "New York",
   edition = "Third",
   month = sep,
   year = 1977,
   note = "This is a full INCOLLECTION entry",
}

@INCOLLECTION{incollection-crossref,
   crossref = "whole-collection",
   author = "Daniel D. Lincoll",
   title = "Semigroups of Recurrences",
   pages = "179--183",
   note = "This is a cross-referencing INCOLLECTION entry",
}

@BOOK{whole-collection,
   editor = "David J. Lipcoll and D. H. Lawrie and A. H. Sameh",
   title = "High Speed Computer and Algorithm Organization",
   booktitle = "High Speed Computer and Algorithm Organization",
   number = 23,
   series = "Fast Computers",
   publisher = "Academic Press",
   address = "New York",
   edition = "Third",
   month = sep,
   year = 1977,
   note = "This is a cross-referenced BOOK (collection) entry",
}

@MANUAL{manual-minimal,
   key = "Manmaker",
   title = "The Definitive Computer Manual",
}

@MANUAL{manual-full,
   author = "Larry Manmaker",
   title = "The Definitive Computer Manual",
   organization = "Chips-R-Us",
   address = "Silicon Valley",
   edition = "Silver",
   month = apr # "-" # may,
   year = 1986,
   note = "This is a full MANUAL entry",
}

@MASTERSTHESIS{mastersthesis-minimal,
   author = "{\'{E}}douard Masterly",
   title = "Mastering Thesis Writing",
   school = "Stanford University",
   year = 1988,
}

@MASTERSTHESIS{mastersthesis-full,
   author = "{\'{E}}douard Masterly",
   title = "Mastering Thesis Writing",
   school = "Stanford University",
   type = "Master's project",
   address = "English Department",
   month = jun # "-" # aug,
   year = 1988,
   note = "This is a full MASTERSTHESIS entry",
}

@MISC{misc-minimal,
   key = "Missilany",
   note = "This is a minimal MISC entry",
}

@MISC{misc-full,
   author = "Joe-Bob Missilany",
   title = "Handing out random pamphlets in airports",
   howpublished = "Handed out at O'Hare",
   month = oct,
   year = 1984,
   note = "This is a full MISC entry",
}

@STRING{STOC-key = "OX{\singleletter{stoc}}"}

@STRING{ACM = "The OX Association for Computing Machinery"}

@STRING{STOC = " Symposium on the Theory of Computing"}

@INPROCEEDINGS{inproceedings-minimal,
   author = "Alfred V. Oaho and Jeffrey D. Ullman and Mihalis Yannakakis",
   title = "On Notions of Information Transfer in {VLSI} Circuits",
   booktitle = "Proc. Fifteenth Annual ACM" # STOC,
   year = 1983,
}

@INPROCEEDINGS{inproceedings-full,
   author = "Alfred V. Oaho and Jeffrey D. Ullman and Mihalis Yannakakis",
   title = "On Notions of Information Transfer in {VLSI} Circuits",
   editor = "Wizard V. Oz and Mihalis Yannakakis",
   booktitle = "Proc. Fifteenth Annual ACM" # STOC,
   number = 17,
   series = "All ACM Conferences",
   pages = "133--139",
   month = mar,
   year = 1983,
   address = "Boston",
   organization = ACM,
   publisher = "Academic Press",
   note = "This is a full INPROCEDINGS entry",
}

@INPROCEEDINGS{inproceedings-crossref,
   crossref = "whole-proceedings",
   author = "Alfred V. Oaho and Jeffrey D. Ullman and Mihalis Yannakakis",
   title = "On Notions of Information Transfer in {VLSI} Circuits",
   organization = "",
   pages = "133--139",
   note = "This is a cross-referencing INPROCEEDINGS entry",
}

@PROCEEDINGS{proceedings-minimal,
   key = STOC-key,
   title = "Proc. Fifteenth Annual" # STOC,
   year = 1983,
}

@PROCEEDINGS{proceedings-full,
   editor = "Wizard V. Oz and Mihalis Yannakakis",
   title = "Proc. Fifteenth Annual" # STOC,
   number = 17,
   series = "All ACM Conferences",
   month = mar,
   year = 1983,
   address = "Boston",
   organization = ACM,
   publisher = "Academic Press",
   note = "This is a full PROCEEDINGS entry",
}

@PROCEEDINGS{whole-proceedings,
   key = STOC-key,
   organization = ACM,
   title = "Proc. Fifteenth Annual" # STOC,
   address = "Boston",
   year = 1983,
   booktitle = "Proc. Fifteenth Annual ACM" # STOC,
   note = "This is a cross-referenced PROCEEDINGS",
}

@PHDTHESIS{phdthesis-minimal,
   author = "F. Phidias Phony-Baloney",
   title = "Fighting Fire with Fire: Festooning {F}rench Phrases",
   school = "Fanstord University",
   year = 1988,
}

@PHDTHESIS{phdthesis-full,
   author = "F. Phidias Phony-Baloney",
   title = "Fighting Fire with Fire: Festooning {F}rench Phrases",
   school = "Fanstord University",
   type = "{PhD} Dissertation",
   address = "Department of French",
   month = jun # "-" # aug,
   year = 1988,
   note = "This is a full PHDTHESIS entry",
}

@TECHREPORT{techreport-minimal,
   author = "Tom Terrific",
   title = "An {$O(n \log n / \! \log\log n)$} Sorting Algorithm",
   institution = "Fanstord University",
   year = 1988,
}

@TECHREPORT{techreport-full,
   author = "Tom T{\'{e}}rrific",
   title = "An {$O(n \log n / \! \log\log n)$} Sorting Algorithm",
   institution = "Fanstord University",
   type = "Wishful Research Result",
   number = "7",
   address = "Computer Science Department, Fanstord, California",
   month = oct,
   year = 1988,
   note = "This is a full TECHREPORT entry",
}

@UNPUBLISHED{unpublished-minimal,
   author = "Ulrich {\"{U}}nderwood and Ned {\~N}et and Paul {\={P}}ot",
   title = "Lower Bounds for Wishful Research Results",
   note = "Talk at Fanstord University (this is a minimal UNPUBLISHED entry)",
}

@UNPUBLISHED{unpublished-full,
   author = "Ulrich {\"{U}}nderwood and Ned {\~N}et and Paul {\={P}}ot",
   title = "Lower Bounds for Wishful Research Results",
   month = nov # ", " # dec,
   year = 1988,
   note = "Talk at Fanstord University (this is a full UNPUBLISHED entry)",
}

@MISC{random-note-crossref,
   key = {Volume-2},
   note = "Volume~2 is listed under Knuth \cite{book-full}"
}
